@book{bringhurst-2005-elements_typographic_style,
  author = {Bringhurst, Robert},
  title = {The elements of typographic style},
  year = {2005},
  edition = {Dritte},
  isbn = {0-88179-206-3},
  publisher = {Hartley \& Marks},
  address = {Vancouver}
}